@article{article,
author = {Pearson, Kyle and Palafox, Leon and Griffith, Caitlin},
year = {2017},
month = {06},
pages = {},
title = {Searching for Exoplanets Using Artificial Intelligence},
volume = {474},
booktitle = {Monthly Notices of the Royal Astronomical Society}
}