% Various Papers on MML/MTL for Various Non Driving Tasks
@inproceedings{ngiam2011multimodal,
  title={Multimodal deep learning},
  author={Ngiam, Jiquan and Khosla, Aditya and Kim, Mingyu and Nam, Juhan and Lee, Honglak and Ng, Andrew Y},
  booktitle={Proceedings of the 28th international conference on machine learning (ICML-11)},
  pages={689--696},
  year={2011}
}
@article{zhang2012multi,
  title={Multi-modal multi-task learning for joint prediction of multiple regression and classification variables in Alzheimer's disease},
  author={Zhang, Daoqiang and Shen, Dinggang and Alzheimer's Disease Neuroimaging Initiative and others},
  journal={NeuroImage},
  volume={59},
  number={2},
  pages={895--907},
  year={2012},
  publisher={Elsevier}
}

% Papers on End to End Deep Neural Networks for Self Driving
@article{bojarski2016end,
  title={End to end learning for self-driving cars},
  author={Bojarski, Mariusz and Del Testa, Davide and Dworakowski, Daniel and Firner, Bernhard and Flepp, Beat and Goyal, Prasoon and Jackel, Lawrence D and Monfort, Mathew and Muller, Urs and Zhang, Jiakai and others},
  journal={arXiv preprint arXiv:1604.07316},
  year={2016}
}
@article{xu2016end,
  title={End-to-end learning of driving models from large-scale video datasets},
  author={Xu, Huazhe and Gao, Yang and Yu, Fisher and Darrell, Trevor},
  journal={arXiv preprint arXiv:1612.01079},
  year={2016}
}
@article{shalev2016safe,
  title={Safe, multi-agent, reinforcement learning for autonomous driving},
  author={Shalev-Shwartz, Shai and Shammah, Shaked and Shashua, Amnon},
  journal={arXiv preprint arXiv:1610.03295},
  year={2016}
}

@article{zipser1996contextual,
  title={Contextual modulation in primary visual cortex},
  author={Zipser, Karl and Lamme, Victor AF and Schiller, Peter H},
  journal={Journal of Neuroscience},
  volume={16},
  number={22},
  pages={7376--7389},
  year={1996},
  publisher={Soc Neuroscience}
}



@article{zipser2017visualizing,
  title={Visualizing fMRI BOLD responses to diverse naturalistic scenes using retinotopic projectionZipser},
  author={Zipser, Karl},
  journal={Journal of Vision},
  volume={17},
  number={6},
  pages={18--18},
  year={2017},
  publisher={The Association for Research in Vision and Ophthalmology}
}

@inproceedings{otterness2017evaluation,
  title={An evaluation of the NVIDIA TX1 for supporting real-time computer-vision workloads},
  author={Otterness, Nathan and Yang, Ming and Rust, Sarah and Park, Eunbyung and Anderson, James H and Smith, F Donelson and Berg, Alex and Wang, Shige},
  booktitle={Real-Time and Embedded Technology and Applications Symposium (RTAS), 2017 IEEE},
  pages={353--364},
  year={2017},
  organization={IEEE}
}
@misc{nvidia_developer_2017, title={Jetson TX1 Module}, url={https://developer.nvidia.com/embedded/buy/jetson-tx1}, journal={NVIDIA Developer}, year={2017}, month={Apr}}

@article{xu2016end,
  title={End-to-end learning of driving models from large-scale video datasets},
  author={Xu, Huazhe and Gao, Yang and Yu, Fisher and Darrell, Trevor},
  journal={arXiv preprint arXiv:1612.01079},
  year={2016}
}
@incollection{ijspeert2006gait,
  title={Gait transition from swimming to walking: investigation of salamander locomotion control using nonlinear oscillators},
  author={Ijspeert, Auke Jan and Cabelguen, Jean-Marie},
  booktitle={Adaptive Motion of Animals and Machines},
  pages={177--188},
  year={2006},
  publisher={Springer}
}

@inproceedings{chen2015deepdriving,
  title={Deepdriving: Learning affordance for direct perception in autonomous driving},
  author={Chen, Chenyi and Seff, Ari and Kornhauser, Alain and Xiao, Jianxiong},
  booktitle={Proceedings of the IEEE International Conference on Computer Vision},
  pages={2722--2730},
  year={2015}
}
@inproceedings{muller2006off,
  title={Off-road obstacle avoidance through end-to-end learning},
  author={Muller, Urs and Ben, Jan and Cosatto, Eric and Flepp, Beat and Cun, Yann L},
  booktitle={Advances in neural information processing systems},
  pages={739--746},
  year={2006}
}
@article{DBLP:journals/corr/IandolaMAHDK16,
  author    = {Forrest N. Iandola and
               Matthew W. Moskewicz and
               Khalid Ashraf and
               Song Han and
               William J. Dally and
               Kurt Keutzer},
  title     = {SqueezeNet: AlexNet-level accuracy with 50x fewer parameters and {\textless}1MB
               model size},
  journal   = {CoRR},
  volume    = {abs/1602.07360},
  year      = {2016},
  timestamp = {Wed, 07 Jun 2017 14:42:50 +0200},
  biburl    = {http://dblp.uni-trier.de/rec/bib/journals/corr/IandolaMAHDK16},
  bibsource = {dblp computer science bibliography, http://dblp.org}
}
@article{DBLP:journals/corr/HuvalWTKSPARMCM15,
  title={An empirical evaluation of deep learning on highway driving},
  author={Huval, Brody and Wang, Tao and Tandon, Sameep and Kiske, Jeff and Song, Will and Pazhayampallil, Joel and Andriluka, Mykhaylo and Rajpurkar, Pranav and Migimatsu, Toki and Cheng-Yue, Royce and others},
  journal={arXiv preprint arXiv:1504.01716},
  year={2015}
}
@article{DBLP:journals/corr/abs-1212-5701,
  author    = {Matthew D. Zeiler},
  title     = {{ADADELTA:} An Adaptive Learning Rate Method},
  journal   = {CoRR},
  volume    = {abs/1212.5701},
  year      = {2012},
  timestamp = {Wed, 07 Jun 2017 14:43:02 +0200},
  biburl    = {http://dblp.uni-trier.de/rec/bib/journals/corr/abs-1212-5701},
  bibsource = {dblp computer science bibliography, http://dblp.org}
}

@online{youtube,
    title = {Multi-Modal Multi-Task Deep Learning for Autonomous Driving},
    date = {2017},
    organization = {Youtube},
    author = {Sauhaarda Chowdhuri and Tushar Pankaj and Karl Zipser},
    url = {https://www.youtube.com/watch?v=C0DPdy98e4c},
}

@incollection{caruana1998multitask,
  title={Multitask learning},
  author={Caruana, Rich},
  booktitle={Learning to learn},
  pages={95--133},
  year={1998},
  publisher={Springer}
}

@inproceedings{evgeniou2004regularized,
  title={Regularized multi--task learning},
  author={Evgeniou, Theodoros and Pontil, Massimiliano},
  booktitle={Proceedings of the tenth ACM SIGKDD international conference on Knowledge discovery and data mining},
  pages={109--117},
  year={2004},
  organization={ACM}
}

@article{zhang2012convex,
  author    = {Yu Zhang and
               Dit{-}Yan Yeung},
  title     = {A Convex Formulation for Learning Task Relationships in Multi-Task
               Learning},
  journal   = {CoRR},
  volume    = {abs/1203.3536},
  year      = {2012},
  timestamp = {Wed, 07 Jun 2017 14:41:16 +0200},
  biburl    = {http://dblp.uni-trier.de/rec/bib/journals/corr/abs-1203-3536},
  bibsource = {dblp computer science bibliography, http://dblp.org}
}

@inproceedings{firstlayernometa,
  title={Convolutional-recursive deep learning for 3d object classification},
  author={Socher, Richard and Huval, Brody and Bath, Bharath and Manning, Christopher D and Ng, Andrew Y},
  booktitle={Advances in Neural Information Processing Systems},
  pages={656--664},
  year={2012}
}

@inproceedings{quigley2009ros,
  title={ROS: an open-source Robot Operating System},
  author={Quigley, Morgan and Conley, Ken and Gerkey, Brian and Faust, Josh and Foote, Tully and Leibs, Jeremy and Wheeler, Rob and Ng, Andrew Y},
  booktitle={ICRA workshop on open source software},
  volume={3},
  number={3.2},
  pages={5},
  year={2009},
  organization={Kobe}
}

@misc{UnleashY32:online,
author = {},
title = {Unleash Your Potential with the Jetson TX1 Developer Kit},
howpublished = {\url{https://developer.nvidia.com/embedded/buy/jetson-tx1-devkit}},
month = {},
year = {},
note = {(Accessed on 09/11/2017)}
}

@online{tx1,
  author = {NVIDIA Corp.},
  title = {Jetson TX1 Developer Kit},
  year = {},
  url = {https://developer.nvidia.com/embedded/buy/jetson-tx1-devkit},
  urldate = {2017-09-11}
}

@article{priveleged,
  title={A new learning paradigm: Learning using privileged information},
  author={Vapnik, Vladimir and Vashist, Akshay},
  journal={Neural networks},
  volume={22},
  number={5},
  pages={544--557},
  year={2009},
  publisher={Elsevier}
}

@inproceedings{ross2011reduction,
  title={A reduction of imitation learning and structured prediction to no-regret online learning},
  author={Ross, St{\'e}phane and Gordon, Geoffrey and Bagnell, Drew},
  booktitle={Proceedings of the fourteenth international conference on artificial intelligence and statistics},
  pages={627--635},
  year={2011}
}

@inproceedings{ross2010efficient,
  title={Efficient reductions for imitation learning},
  author={Ross, St{\'e}phane and Bagnell, Drew},
  booktitle={Proceedings of the thirteenth international conference on artificial intelligence and statistics},
  pages={661--668},
  year={2010}
}

@article{intel_paper,
  title={End-to-end driving via conditional imitation learning},
  author={Codevilla, Felipe and M{\"u}ller, Matthias and Dosovitskiy, Alexey and L{\'o}pez, Antonio and Koltun, Vladlen},
  journal={arXiv preprint arXiv:1710.02410},
  year={2017}
}

@inproceedings{williams2017information,
  title={Information theoretic mpc for model-based reinforcement learning},
  author={Williams, Grady and Wagener, Nolan and Goldfain, Brian and Drews, Paul and Rehg, James M and Boots, Byron and Theodorou, Evangelos A},
  booktitle={Robotics and Automation (ICRA), 2017 IEEE International Conference on},
  pages={1714--1721},
  year={2017},
  organization={IEEE}
}

@article{giusti2016machine,
  title={A machine learning approach to visual perception of forest trails for mobile robots},
  author={Giusti, Alessandro and Guzzi, J{\'e}r{\^o}me and Cire{\c{s}}an, Dan C and He, Fang-Lin and Rodr{\'\i}guez, Juan P and Fontana, Flavio and Faessler, Matthias and Forster, Christian and Schmidhuber, J{\"u}rgen and Di Caro, Gianni and others},
  journal={IEEE Robotics and Automation Letters},
  volume={1},
  number={2},
  pages={661--667},
  year={2016},
  publisher={IEEE}
}

@inproceedings{ioffe2015batch,
  title={Batch normalization: Accelerating deep network training by reducing internal covariate shift},
  author={Ioffe, Sergey and Szegedy, Christian},
  booktitle={International conference on machine learning},
  pages={448--456},
  year={2015}
}

@inproceedings{qiu2016going,
  title={Going deeper with embedded fpga platform for convolutional neural network},
  author={Qiu, Jiantao and Wang, Jie and Yao, Song and Guo, Kaiyuan and Li, Boxun and Zhou, Erjin and Yu, Jincheng and Tang, Tianqi and Xu, Ningyi and Song, Sen and others},
  booktitle={Proceedings of the 2016 ACM/SIGDA International Symposium on Field-Programmable Gate Arrays},
  pages={26--35},
  year={2016},
  organization={ACM}
}

@article{rosas2013multimodal,
  title={Multimodal sentiment analysis of Spanish online videos},
  author={Rosas, Ver{\'o}nica P{\'e}rez and Mihalcea, Rada and Morency, Louis-Philippe},
  journal={IEEE Intelligent Systems},
  volume={28},
  number={3},
  pages={38--45},
  year={2013},
  publisher={IEEE}
}

@INPROCEEDINGS{6639012, 
author={M. L. Seltzer and J. Droppo}, 
booktitle={2013 IEEE International Conference on Acoustics, Speech and Signal Processing}, 
title={Multi-task learning in deep neural networks for improved phoneme recognition}, 
year={2013}, 
volume={}, 
number={}, 
pages={6965-6969}, 
keywords={acoustic signal processing;feedforward neural nets;learning (artificial intelligence);signal classification;signal representation;speech recognition;DNN acoustic models;PER;TIMIT;deep neural networks;feed-forward network architecture;multitask learning;network training;phone context;phone label;phoneme recognition;phonetic error rate;primary classification task;secondary tasks;shared representation;speech recognition;state context;Acoustics;Context;Hidden Markov models;Neural networks;Speech;Speech recognition;Training;Acoustic model;TIMIT;deep neural network;multi-task learning;speech recognition}, 
doi={10.1109/ICASSP.2013.6639012}, 
ISSN={1520-6149}, 
month={May},}